@misc {racket,
  title =	 {The Racket Programming Language},
  howpublished = {\url{racket-lang.org}}
}

@misc {rascal,
  title =	 {Rascal Metaprogramming Language},
  howpublished = {\url{www.rascal-mpl.org/}}
}

@misc {rascalvisit,
  title =	 {Rascal Concepts: Visiting},
  howpublished = {\url{http://tutor.rascal-mpl.org/Rascal/Rascal.html#/Rascal/Concepts/Visiting/Visiting.html}}
}

@inproceedings{anf,
  author =	 {Amr Sabry Sabry and Matthias Felleisen},
  title =	 {Reasoning about Programs in Continuation-Passing
                  Style},
  booktitle =	 {Lisp and Symbolic Computation},
  year =	 {},
  pages =	 {288--298}
}

@misc{bek,
  author =	 {Pieter Hooimeijer and Benjamin Livshits and David
                  Molnar and Prateek Saxena and Margus Veanes},
  title =	 {Fast and Precise Sanitizer Analysis with BEK},
  booktitle =	 {Proc. of the 20th Usenix Security Symposium (Usenix
                  Security), August 2011},
}

@techreport{fast,
  author =	 {Loris D'Antoni and Margus Veanes and Benjamin
                  Livshits and Davi d Molnar},
  month =	 {November},
  number =	 {MSR-TR-2013-121},
  publisher =	 {Microsoft Research},
  title =	 {FAST: A Transducer-Based Language for Tree
                  Manipulation},
  url =
                  {http://research.microsoft.com/apps/pubs/default.aspx?id=179252},
  year =	 {2013},
}

@inproceedings{genprog,
  author =	 {Weimer, Westley and Nguyen, ThanhVu and Le Goues,
                  Claire and Forrest, Stephanie},
  title =	 {Automatically Finding Patches Using Genetic
                  Programming},
  booktitle =	 {Proceedings of the 31st International Conference on
                  Software Engineering},
  series =	 {ICSE '09},
  year =	 {2009},
  isbn =	 {978-1-4244-3453-4},
  pages =	 {364--374},
  numpages =	 {11},
  url =		 {http://dx.doi.org/10.1109/ICSE.2009.5070536},
  doi =		 {10.1109/ICSE.2009.5070536},
  acmid =	 {1555051},
  publisher =	 {IEEE Computer Society},
  address =	 {Washington, DC, USA},
}

@inproceedings{invert,
  author =	 {Srivastava, Saurabh and Gulwani, Sumit and
                  Chaudhuri, Swarat and Foster, Jeffrey S.},
  title =	 {Path-based Inductive Synthesis for Program
                  Inversion},
  booktitle =	 {Proceedings of the 32Nd ACM SIGPLAN Conference on
                  Programming Language Design and Implementation},
  series =	 {PLDI '11},
  year =	 {2011},
  isbn =	 {978-1-4503-0663-8},
  location =	 {San Jose, California, USA},
  pages =	 {492--503},
  numpages =	 {12},
  url =		 {http://doi.acm.org/10.1145/1993498.1993557},
  doi =		 {10.1145/1993498.1993557},
  acmid =	 {1993557},
  publisher =	 {ACM},
  address =	 {New York, NY, USA},
  keywords =	 {inductive synthesis, pins, program inversion,
                  symbolic execution, testing-inspired synthesis},
}

@inproceedings{rosette,
  author =	 {Emina Torlak and Rastislav Bod{\'{\i}}k},
  title =	 {Growing solver-aided languages with rosette},
  booktitle =	 {{ACM} Symposium on New Ideas in Programming and
                  Reflections on Software, Onward! 2013, part of
                  {SPLASH} '13, Indianapolis, IN, USA, October 26-31,
                  2013},
  year =	 {2013},
  pages =	 {135--152},
  crossref =	 {DBLP:conf/oopsla/2013onward},
  url =		 {http://doi.acm.org/10.1145/2509578.2509586},
  doi =		 {10.1145/2509578.2509586},
  timestamp =	 {Tue, 21 Oct 2014 17:52:59 +0200},
  biburl =
                  {http://dblp.uni-trier.de/rec/bib/conf/oopsla/TorlakB13},
  bibsource =	 {dblp computer science bibliography, http://dblp.org}
}

@incollection{js,
  year =	 {2008},
  isbn =	 {978-3-540-89329-5},
  booktitle =	 {Programming Languages and Systems},
  volume =	 {5356},
  series =	 {Lecture Notes in Computer Science},
  editor =	 {Ramalingam, G.},
  doi =		 {10.1007/978-3-540-89330-1_22},
  title =	 {An Operational Semantics for JavaScript},
  url =		 {http://dx.doi.org/10.1007/978-3-540-89330-1_22},
  publisher =	 {Springer Berlin Heidelberg},
  author =	 {Maffeis, Sergio and Mitchell, JohnC. and Taly,
                  Ankur},
  pages =	 {307-325},
  language =	 {English}
}

@inproceedings{ljs,
  author =	 {Arjun Guha and Claudiu Saftoiu and Shriram
                  Krishnamurthi},
  title =	 {The Essence of JavaScript},
  booktitle =	 {{ECOOP} 2010 - Object-Oriented Programming, 24th
                  European Conference, Maribor, Slovenia, June 21-25,
                  2010. Proceedings},
  year =	 {2010},
  pages =	 {126--150},
  crossref =	 {DBLP:conf/ecoop/2010},
  url =		 {http://dx.doi.org/10.1007/978-3-642-14107-2_7},
  doi =		 {10.1007/978-3-642-14107-2_7},
  timestamp =	 {Tue, 21 Oct 2014 20:43:33 +0200},
  biburl =
                  {http://dblp.uni-trier.de/rec/bib/conf/ecoop/GuhaSK10},
  bibsource =	 {dblp computer science bibliography, http://dblp.org}
}

@inproceedings{flash,
  author =	 {Vu Le and Sumit Gulwani},
  title =	 {FlashExtract: a framework for data extraction by
                  examples},
  booktitle =	 {{ACM} {SIGPLAN} Conference on Programming Language
                  Design and Implementation, {PLDI} '14, Edinburgh,
                  United Kingdom - June 09 - 11, 2014},
  year =	 {2014},
  pages =	 {55},
  crossref =	 {DBLP:conf/pldi/2014},
  url =		 {http://doi.acm.org/10.1145/2594291.2594333},
  doi =		 {10.1145/2594291.2594333},
  timestamp =	 {Tue, 21 Oct 2014 20:53:42 +0200},
  biburl =	 {http://dblp.uni-trier.de/rec/bib/conf/pldi/LeG14},
  bibsource =	 {dblp computer science bibliography, http://dblp.org}
}

@inproceedings{sygus,
  author =	 {Rajeev Alur and Rastislav Bodik and Garvit Juniwal
                  and Milo M. K. Martin and Mukund Raghothaman and
                  Sanjit A. Seshia and Rishabh Singh and Armando
                  Solar-Lezama and Emina Torlak and Abhishek Udupa},
  title =	 {Syntax-Guided Synthesis},
  booktitle =	 {Proceedings of the IEEE International Conference on
                  Formal Methods in Computer-Aided Design (FMCAD)},
  month =	 {October},
  year =	 {2013}
}

@inproceedings{feedback,
  author =	 {Singh, Rishabh and Gulwani, Sumit and Solar-Lezama,
                  Armando},
  title =	 {Automated Feedback Generation for Introductory
                  Programming Assignments},
  booktitle =	 {Proceedings of the 34th ACM SIGPLAN Conference on
                  Programming Language Design and Implementation},
  series =	 {PLDI '13},
  year =	 2013,
  isbn =	 {978-1-4503-2014-6},
  location =	 {Seattle, Washington, USA},
  pages =	 {15--26},
  numpages =	 12,
  url =		 {http://doi.acm.org/10.1145/2491956.2462195},
  doi =		 {10.1145/2491956.2462195},
  acmid =	 2462195,
  publisher =	 {ACM},
  address =	 {New York, NY, USA},
  keywords =	 {automated grading, computer-aided education, program
                  synthesis},
}

@inproceedings{sketch,
  author =	 {Armando Solar-Lezama and Liviu Tancau and Rastislav
                  Bodik and Vijay Saraswat and Sanjit Seshia},
  title =	 {Combinatorial sketching for finite programs},
  booktitle =	 {IN 12TH INTERNATIONAL CONFERENCE ON ARCHITECTURAL
                  SUPPORT FOR PROGRAMMING LANGUAGES AND OPERATING
                  SYSTEMS (ASPLOS 2006},
  year =	 {2006},
  pages =	 {404--415},
  publisher =	 {ACM Press}
}